<record><leader>00000cas a2200000 a 4500</leader><controlfield tag="001">9267079</controlfield><controlfield tag="008">830301d18481860maudn ne      0    0eng c</controlfield><datafield ind1=" " ind2=" " tag="010"><subfield code="a">sn 83020096 </subfield></datafield><datafield ind1=" " ind2=" " tag="040"><subfield code="a">NPX</subfield><subfield code="b">eng</subfield><subfield code="c">NPX</subfield><subfield code="d">DLC</subfield><subfield code="d">MGN</subfield><subfield code="d">CNW</subfield><subfield code="d">MGN</subfield><subfield code="d">OCL</subfield><subfield code="d">DLC</subfield><subfield code="d">OCLCQ</subfield><subfield code="d">OCLCA</subfield><subfield code="d">OCLCF</subfield></datafield><datafield ind1="1" ind2=" " tag="029"><subfield code="a">AU@</subfield><subfield code="b">000020122326</subfield></datafield><datafield ind1=" " ind2=" " tag="042"><subfield code="a">pcc</subfield></datafield><datafield ind1=" " ind2=" " tag="043"><subfield code="a">n-us-ma</subfield></datafield><datafield ind1="0" ind2="0" tag="050"><subfield code="a">Newspaper</subfield></datafield><datafield ind1="0" ind2="0" tag="245"><subfield code="a">Lowell daily journal and courier.</subfield></datafield><datafield ind1=" " ind2=" " tag="260"><subfield code="a">[Lowell, Mass.] :</subfield><subfield code="b">James Atkinson</subfield></datafield><datafield ind1=" " ind2=" " tag="300"><subfield code="a">v.</subfield></datafield><datafield ind1=" " ind2=" " tag="310"><subfield code="a">Daily (except Sunday)</subfield></datafield><datafield ind1="0" ind2=" " tag="362"><subfield code="a">Vol. 14, no. 2578 (July 3, 1848)-v. 26, no. 6251 (Dec. 31, 1860).</subfield></datafield><datafield ind1=" " ind2=" " tag="580"><subfield code="a">Weekly eds.: Lowell journal (Lowell, Mass. : 1847), July 7, 1848, and: Lowell weekly journal and courier, July 14, 1848-1860.</subfield></datafield><datafield ind1=" " ind2="0" tag="651"><subfield code="a">Lowell (Mass.)</subfield><subfield code="v">Newspapers.</subfield></datafield><datafield ind1=" " ind2="7" tag="655"><subfield code="a">Newspapers.</subfield><subfield code="2">fast</subfield><subfield code="0">(OCoLC)fst01423814</subfield></datafield><datafield ind1=" " ind2="7" tag="651"><subfield code="a">Massachusetts</subfield><subfield code="z">Lowell.</subfield><subfield code="2">fast</subfield><subfield code="0">(OCoLC)fst01204704</subfield></datafield><datafield ind1=" " ind2=" " tag="752"><subfield code="a">United States</subfield><subfield code="b">Massachusetts</subfield><subfield code="c">Middlesex</subfield><subfield code="d">Lowell.</subfield></datafield><datafield ind1="1" ind2=" " tag="775"><subfield code="t">Lowell journal (Lowell, Mass. : 1847)</subfield><subfield code="w">(DLC)sn 83020213</subfield><subfield code="w">(OCoLC)9295285</subfield></datafield><datafield ind1="1" ind2=" " tag="775"><subfield code="t">Lowell weekly journal and courier</subfield><subfield code="w">(DLC)sn 83020001</subfield><subfield code="w">(OCoLC)9210738</subfield></datafield><datafield ind1="0" ind2="0" tag="780"><subfield code="t">Lowell daily courier (Lowell, Mass. : 1845)</subfield><subfield code="w">(DLC)sn 83020095</subfield><subfield code="w">(OCoLC)9266989</subfield></datafield><datafield ind1="0" ind2="0" tag="785"><subfield code="t">Lowell daily courier (Lowell, Mass. : 1861)</subfield><subfield code="w">(DLC)sn 83020097</subfield><subfield code="w">(OCoLC)9267152</subfield></datafield></record>